@article{cutest,
  author = {Gould, Nicholas I. and Orban, Dominique and Toint, Philippe L.},
  title = {{CUTEst}: A Constrained and Unconstrained Testing Environment with Safe
           Threads for Mathematical Optimization},
  journal = {Comput. Optim. Appl.},
  volume = {60},
  number = {3},
  year = {2015},
  pages = {545--557},
  doi = {10.1007/s10589-014-9687-3},
}

@article{jump,
  author = {Iain Dunning and Joey Huchette and Miles Lubin},
  title = {{JuMP}: A Modeling Language for Mathematical Optimization},
  journal = {SIAM Review},
  volume = {59},
  number = {2},
  pages = {295-320},
  year = {2017},
  doi = {10.1137/15M1020575},
}

@article{mgh,
  author = {Mor{\'e}, Jorge J. and Garbow, Burton S. and Hillstrom, Kenneth E.},
  title = {Testing Unconstrained Optimization Software},
  journal = {ACM Trans. Math. Softw.},
  volume = {7},
  number = {1},
  year = {1981},
  pages = {17--41},
  doi = {10.1145/355934.355936},
}
